% Encoding: UTF-8

@Article{Kanan2015,
  author  = {Tarek Kanan and Edward A. Fox},
  journal = {Virginia Tech},
  title   = {Automated Arabic Text Classification with P-Stemmer, Machine Learning, and a Tailored News Article Taxonomy},
  year    = {2015},
}



@Comment{jabref-meta: databaseType:bibtex;}
